@ONLINE{docker-web,
  author = {{Docker Inc.}},
  year = {29 de {S}eptiembre de 2015},
  url = {https://www.docker.com}
}

@ONLINE{ros-web,
	author = {{Open Source Robotics Foundation}},
	year = {29 de {S}eptiembre de 2015},
	url = {http://www.ros.org/}
}

@ONLINE{docker-wikipedia,
	author = {{Wikimedia Foundation Inc.}},
	year = {29 de {S}eptiembre de 2015},
	url = {https://es.wikipedia.org/wiki/Docker\textunderscore (Software)}
}

@ONLINE{ros-wikipedia,
	author = {{Wikimedia Foundation Inc.}},
	year = {29 de {S}eptiembre de 2015},
	url = {https://es.wikipedia.org/wiki/Sistema\textunderscore Operativo\textunderscore Robotico}
}

@ONLINE{rpi-wikipedia,
	author = {{Wikimedia Foundation Inc.}},
	year = {5 de {O}ctubre de 2015},
	url = {https://es.wikipedia.org/wiki/Raspberry\textunderscore Pi}
}

@ONLINE{ubuntu-dockerfile,
	author = {{Tianon Gravi}},
	year = {10 de {O}ctubre de 2015},
	url = {https://github.com/tianon/docker-brew-ubuntu-core/blob/e9338b6f9ec01801bd5cc75743efe04949d123cf/trusty/Dockerfile}
}

@ONLINE{dockerfiles-doc,
	author = {{Docker Inc.}},
	year = {10 de {O}ctubre de 2015},
	url = {https://docs.docker.com/reference/builder/}
}

@ONLINE{docker-install,
	author = {{Docker Inc.}},
	year = {10 de {O}ctubre de 2015},
	url = {https://docs.docker.com/installation/ubuntulinux/}
}

@ONLINE{docker-run,
	author = {{Docker Inc.}},
	year = {13 de {O}ctubre de 2015},
	url = {https://docs.docker.com/userguide/dockerizing/}
}

@ONLINE{docker-docs,
	author = {{Docker Inc.}},
	year = {13 de {O}ctubre de 2015},
	url = {https://docs.docker.com/}
}

@ONLINE{docker-network-advanced,
	author = {{Docker Inc.}},
	year = {23 de {O}ctubre de 2015},
	url = {https://docs.docker.com/articles/networking/}
}

@ONLINE{docker-network-linking,
	author = {{Docker Inc.}},
	year = {24 de {O}ctubre de 2015},
	url = {https://docs.docker.com/userguide/dockerlinks/}
}

@ONLINE{ros-installation,
	author = {{Open Source Robotics Foundation}},
	year = {27 de {O}ctubre de 2015},
	url = {http://wiki.ros.org/indigo/Installation/Ubuntu}
}

@ONLINE{ros-catkin-create,
	author = {{Open Source Robotics Foundation}},
	year = {29 de {O}ctubre de 2015},
	url = {http://wiki.ros.org/ROS/Tutorials/CreatingPackage}
}

@ONLINE{ros-catkin-workspace,
	author = {{Open Source Robotics Foundation}},
	year = {29 de {O}ctubre de 2015},
	url = {http://wiki.ros.org/catkin/Tutorials/create_a_workspace}
}

@ONLINE{ros-network-setup,
	author = {{Open Source Robotics Foundation}},
	year = {2 de {N}oviembre de 2015},
	url = {http://wiki.ros.org/ROS/NetworkSetup}
}

@ONLINE{ros-tutorials,
	author = {{Open Source Robotics Foundation}},
	year = {3 de {N}oviembre de 2015},
	url = {http://wiki.ros.org/ROS/Tutorials}
}

@ONLINE{ros-comandos,
	author = {{Universida d'Alacant}},
	year = {3 de {N}oviembre de 2015},
	url = {https://moodle2014-15.ua.es/moodle/mod/wiki/view.php?pageid=701}
}